<record><leader>00000cas a22000007a 4500</leader><controlfield tag="001">40435125</controlfield><controlfield tag="008">981203d19351945cauwr ne      0    0eng d</controlfield><datafield ind1=" " ind2=" " tag="010"><subfield code="a">sn 98061121 </subfield></datafield><datafield ind1=" " ind2=" " tag="040"><subfield code="a">CNK</subfield><subfield code="b">eng</subfield><subfield code="c">CNK</subfield><subfield code="d">OCLCQ</subfield><subfield code="d">OCLCF</subfield><subfield code="d">OCLCO</subfield></datafield><datafield ind1="1" ind2=" " tag="029"><subfield code="a">AU@</subfield><subfield code="b">000014355879</subfield></datafield><datafield ind1=" " ind2=" " tag="042"><subfield code="a">msc</subfield></datafield><datafield ind1="0" ind2="4" tag="245"><subfield code="a">The Clearlake observer.</subfield></datafield><datafield ind1=" " ind2=" " tag="260"><subfield code="a">Lower Lake, Lake County, Calif. :</subfield><subfield code="b">M.E. McIntire</subfield></datafield><datafield ind1=" " ind2=" " tag="300"><subfield code="a">v.</subfield></datafield><datafield ind1=" " ind2=" " tag="310"><subfield code="a">Weekly</subfield></datafield><datafield ind1="0" ind2=" " tag="362"><subfield code="a">Vol. 1, no. 1 (Nov. 6, 1935)-v. 9, no. 14 (June 14, 1945).</subfield></datafield><datafield ind1=" " ind2=" " tag="500"><subfield code="a">"Combined with the Clearlake American" appears in small print below masthead, June 7-14, 1945.</subfield></datafield><datafield ind1=" " ind2="0" tag="651"><subfield code="a">Lake County (Calif.)</subfield><subfield code="v">Newspapers.</subfield></datafield><datafield ind1=" " ind2="7" tag="655"><subfield code="a">Newspapers.</subfield><subfield code="2">fast</subfield><subfield code="0">(OCoLC)fst01423814</subfield></datafield><datafield ind1=" " ind2="7" tag="651"><subfield code="a">California</subfield><subfield code="z">Lake County.</subfield><subfield code="2">fast</subfield><subfield code="0">(OCoLC)fst01208616</subfield></datafield><datafield ind1=" " ind2=" " tag="752"><subfield code="a">United States</subfield><subfield code="b">California</subfield><subfield code="c">Lake</subfield><subfield code="d">Lower Lake.</subfield></datafield><datafield ind1="0" ind2="0" tag="785"><subfield code="t">Clearlake observer-American</subfield><subfield code="w">(DLC)sn 97060724</subfield></datafield></record>